<?xml version="1.0" encoding="UTF-8"?>
<record xmlns="http://www.loc.gov/MARC21/slim">
   <leader>01327cas a2200433 a 4500</leader>
   <controlfield tag="001">796146</controlfield>
   <controlfield tag="005">19910227000000.0</controlfield>
   <controlfield tag="008">920131d19841985abcar4   r   s uuua0eng d</controlfield>
   <datafield tag="010" ind1=" " ind2=" ">
      <subfield code="a">cn 85080001</subfield>
   </datafield>
   <datafield tag="022" ind1="0" ind2=" ">
      <subfield code="a">0825-8686</subfield>
   </datafield>
   <datafield tag="035" ind1=" " ind2=" ">
      <subfield code="a">ocm11869002</subfield>
   </datafield>
   <datafield tag="039" ind1="0" ind2=" ">
      <subfield code="f">rw</subfield>
   </datafield>
   <datafield tag="040" ind1=" " ind2=" ">
      <subfield code="a">CaOONL</subfield>
      <subfield code="b">eng</subfield>
      <subfield code="c">CaOONL</subfield>
      <subfield code="d">DLC</subfield>
      <subfield code="d">m/c</subfield>
   </datafield>
   <datafield tag="042" ind1=" " ind2=" ">
      <subfield code="a">nlc</subfield>
      <subfield code="a">isds/c</subfield>
   </datafield>
   <datafield tag="043" ind1=" " ind2=" ">
      <subfield code="a">n-cn-ab</subfield>
   </datafield>
   <datafield tag="049" ind1=" " ind2=" ">
      <subfield code="a">AEU</subfield>
      <subfield code="b">eng</subfield>
   </datafield>
   <datafield tag="055" ind1=" " ind2="4">
      <subfield code="a">G154</subfield>
      <subfield code="b">T73</subfield>
   </datafield>
   <datafield tag="082" ind1="0" ind2=" ">
      <subfield code="a">381/.45917123043/025</subfield>
      <subfield code="2">19</subfield>
   </datafield>
   <datafield tag="090" ind1="0" ind2=" ">
      <subfield code="a">GOV DOC CA2 AL TA T63</subfield>
   </datafield>
   <datafield tag="090" ind1=" " ind2=" ">
      <subfield code="a">G 154 T73</subfield>
      <subfield code="b">AEU</subfield>
   </datafield>
   <datafield tag="210" ind1="0" ind2=" ">
      <subfield code="a">Travel agents dir.</subfield>
      <subfield code="b">(Edmont.)</subfield>
   </datafield>
   <datafield tag="222" ind1="0" ind2="0">
      <subfield code="a">Travel agents directory</subfield>
      <subfield code="b">(Edmonton)</subfield>
   </datafield>
   <datafield tag="240" ind1="0" ind2="0">
      <subfield code="a">Travel agents directory.</subfield>
   </datafield>
   <datafield tag="245" ind1="0" ind2="0">
      <subfield code="a">Travel agents directory / 1984</subfield>
   </datafield>
   <datafield tag="246" ind1="1" ind2="4">
      <subfield code="a">Alberta travel agents directory</subfield>
   </datafield>
   <datafield tag="260" ind1="0" ind2="0">
      <subfield code="a">[Edmonton] :</subfield>
      <subfield code="b">Alberta Tourism and Small Business,</subfield>
      <subfield code="c">1984-</subfield>
   </datafield>
   <datafield tag="300" ind1=" " ind2=" ">
      <subfield code="a">v. :</subfield>
      <subfield code="b">maps ;</subfield>
      <subfield code="c">28 cm.</subfield>
   </datafield>
   <datafield tag="310" ind1=" " ind2=" ">
      <subfield code="a">Annual.</subfield>
   </datafield>
   <datafield tag="362" ind1="0" ind2=" ">
      <subfield code="a">1984-</subfield>
   </datafield>
   <datafield tag="362" ind1="1" ind2=" ">
      <subfield code="a">Ceased with 1985?</subfield>
   </datafield>
   <datafield tag="500" ind1=" " ind2=" ">
      <subfield code="a">On cover: Travel Alberta.</subfield>
   </datafield>
   <datafield tag="596" ind1=" " ind2=" ">
      <subfield code="a">43</subfield>
   </datafield>
   <datafield tag="650" ind1=" " ind2="0">
      <subfield code="a">Travel agents</subfield>
      <subfield code="z">Alberta</subfield>
      <subfield code="v">Directories.</subfield>
   </datafield>
   <datafield tag="710" ind1="1" ind2="0">
      <subfield code="a">Alberta.</subfield>
      <subfield code="b">Alberta Tourism and Small Business.</subfield>
   </datafield>
   <datafield tag="710" ind1="2" ind2="0">
      <subfield code="a">Travel Alberta.</subfield>
   </datafield>
   <datafield tag="780" ind1="0" ind2="0">
      <subfield code="t">Travel trade directory (Edmonton, Alta.),</subfield>
      <subfield code="x">0825-8678.</subfield>
   </datafield>
   <datafield tag="926" ind1=" " ind2=" ">
      <subfield code="a">UAHSS</subfield>
      <subfield code="b">ON_SHELF</subfield>
      <subfield code="c">GOV DOC CA2 AL TA T63 1984</subfield>
      <subfield code="d">BOOK</subfield>
      <subfield code="f">1</subfield>
   </datafield>
   <datafield tag="927" ind1=" " ind2=" ">
      <subfield code="a">UAHSS</subfield>
   </datafield>
   <datafield tag="927" ind1=" " ind2=" ">
      <subfield code="b">Location</subfield>
      <subfield code="c">ON_SHELF-- GOV DOC CA2 AL TA T6 3</subfield>
   </datafield>
   <datafield tag="927" ind1=" " ind2=" ">
      <subfield code="b">Library has</subfield>
      <subfield code="c">1984</subfield>
   </datafield>
</record>
